@article {Farina1215,
	author = {Farina, Dario and Merletti, Roberto and Enoka, Roger M.},
	title = {The extraction of neural strategies from the surface EMG: an update},
	volume = {117},
	number = {11},
	pages = {1215--1230},
	year = {2014},
	doi = {10.1152/japplphysiol.00162.2014},
	publisher = {American Physiological Society},
	abstract = {A surface EMG signal represents the linear transformation of motor neuron discharge times by the compound action potentials of the innervated muscle fibers and is often used as a source of information about neural activation of muscle. However, retrieving the embedded neural code from a surface EMG signal is extremely challenging. Most studies use indirect approaches in which selected features of the signal are interpreted as indicating certain characteristics of the neural code. These indirect associations are constrained by limitations that have been detailed previously (Farina D, Merletti R, Enoka RM. J Appl Physiol 96: 1486{\textendash}1495, 2004) and are generally difficult to overcome. In an update on these issues, the current review extends the discussion to EMG-based coherence methods for assessing neural connectivity. We focus first on EMG amplitude cancellation, which intrinsically limits the association between EMG amplitude and the intensity of the neural activation and then discuss the limitations of coherence methods (EEG-EMG, EMG-EMG) as a way to assess the strength of the transmission of synaptic inputs into trains of motor unit action potentials. The debated influence of rectification on EMG spectral analysis and coherence measures is also discussed. Alternatively, there have been a number of attempts to identify the neural information directly by decomposing surface EMG signals into the discharge times of motor unit action potentials. The application of this approach is extremely powerful, but validation remains a central issue.},
	issn = {8750-7587},
	URL = {http://jap.physiology.org/content/117/11/1215},
	eprint = {http://jap.physiology.org/content/117/11/1215.full.pdf},
	journal = {Journal of Applied Physiology}
}

@article {UN,
	author = {Watkins, Kevin},
	title = {Human Development Report 2005},
	year = {2005},
	doi = {10.1152/japplphysiol.00162.2014},
	publisher = {American Physiological Society},
	isbn = {0-19-530511-6},
    publisher = {UN},
	URL = {http://hdr.undp.org/sites/default/files/reports/266/hdr05_complete.pdf}
}

@article {VonSchrader2017,
	author = {VonSchrader, S. and Lee, G.},
	title = {Disability Statistics from the Current Population Survey (CPS)},
	year = {2017},
	publisher = {Cornell University Yang Tan Institute (YTI)}
}

@book{mackay2004atlas,
  title={The Atlas of Heart Disease and Stroke},
  author={Mackay, J. and Mensah, G.A. and Mendis, S. and Greenlund, K. and World Health Organization},
  isbn={9789241562768},
  lccn={2005421734},
  series={Academic Search Complete},
  url={https://books.google.com.br/books?id=JagK-qIWaZoC},
  year={2004},
  publisher={World Health Organization}
}

@article {Battye506,
	author = {Battye, C. K. and Nightingale, A. and Whillis, J.},
	title = {THE USE OF MYO-ELECTRIC CURRENTS IN THE OPERATION OF PROSTHESES},
	volume = {37-B},
	number = {3},
	pages = {506--510},
	year = {1955},
	publisher = {Bone and Joint Journal},
	abstract = {Obviously these and other problems need much research, but the preliminary work already done is promising enough to indicate that a useful and dependable prosthesis could be developed to operate by the use of changes of muscle potential, and that such apparatus could be made light enough for practical use at the work-bench and in the home.},
	issn = {0301-620X},
	URL = {http://www.bjj.boneandjoint.org.uk/content/37-B/3/506},
	eprint = {http://www.bjj.boneandjoint.org.uk/content/37-B/3/506.full.pdf},
	journal = {Bone \& Joint Journal}
}

@ARTICLE{5266482, 
author={A. Bottomley and A. B. K. Wilson and A. Nightingale}, 
journal={Radio and Electronic Engineer}, 
title={Muscle substitutes and myo-electric control}, 
year={1963}, 
volume={26}, 
number={6}, 
pages={439-448}, 
keywords={automatic control applications;electronic equipment;instrumentation;medical science}, 
doi={10.1049/ree.1963.0169}, 
ISSN={0033-7722}, 
month={December},
}

@article {Bottomley411,
	author = {Bottomley, A. H.},
	title = {MYO-ELECTRIC CONTROL OF POWERED PROSTHESES},
	volume = {47-B},
	number = {3},
	pages = {411--415},
	year = {1965},
	publisher = {Bone and Joint Journal},
	abstract = {1. A prosthesis under myo-electric control is described. 2. An advanced technique of proportional control of such a prosthesis is outlined.},
	issn = {0301-620X},
	URL = {http://www.bjj.boneandjoint.org.uk/content/47-B/3/411},
	eprint = {http://www.bjj.boneandjoint.org.uk/content/47-B/3/411.full.pdf},
	journal = {Bone \& Joint Journal}
}

@book{pons2008wearable,
  title={Wearable Robots: Biomechatronic Exoskeletons},
  author={Pons, J.L.},
  isbn={9780470987650},
  url={https://books.google.com.br/books?id=ovCkTEKEmkkC},
  year={2008},
  publisher={Wiley}
}

@online{SENIAM20170110,
author = {SENIAM},
title  = {Recommendations for sensor locations in arm or hand muscles., Available in : http://seniam.org/. Access in 10/11/2016.},
date   = {2017-01-10},
url    = {http://seniam.org},
}

@online{Rose20161112,
author = {W. Rose},
title  = {Electromyogram Analysis. Available in: https://www1.udel.edu/biology/rosewc/kaap686/notes/EMG%20analysis.pdf. Access in 12/11/2016.},
date   = {2016-11-12},
url    ={https://www1.udel.edu/biology/rosewc/kaap686/notes/EMG%20analysis.pdf},
}

@inproceedings{hayashibe:lirmm-00429594,
  TITLE = {{EMG-to-force estimation with full-scale physiology based muscle model}},
  AUTHOR = {Hayashibe, Mitsuhiro and Guiraud, David and Poignet, Philippe},
  URL = {https://hal-lirmm.ccsd.cnrs.fr/lirmm-00429594},
  BOOKTITLE = {{IROS'09: International Conference on Intelligent Robots and Systems}},
  ADDRESS = {St. Louis, MO, United States},
  PUBLISHER = {{IEEE/RSJ}},
  PAGES = {1621-1626},
  YEAR = {2009},
  MONTH = Oct,
  DOI = {10.1109/IROS.2009.5354644},
  KEYWORDS = {EMG-to-force estimation ; physiology based muscle model},
  PDF = {https://hal-lirmm.ccsd.cnrs.fr/lirmm-00429594/file/hayaIROS09final.pdf},
  HAL_ID = {lirmm-00429594},
  HAL_VERSION = {v1},
}

@techreport{alter1966bioelectric,
  title={Bioelectric control of prostheses},
  author={Alter, Ralph},
  year={1966},
  institution={DTIC Document}
}

@article{Isidori1966,
  title={A device for the detection and measurement of some parameters of myoelectric potentials},
  author={Isidori, A. and Nicolo, F.},
  year={1966},
  journal = { Report no. 11, Electrotechnical Institute, University of Rome},
  institution={Electrotechnical Institute, University of Rome},
  publisher={Electrotechnical Institute, University of Rome}
}

@article{childress1971,
  title={Ideas on myoelectric prosthetic systems for upper-extremity amputees},
  author={Childress, D. S. and Holmes, D. W. and Billock, J. N.},
  year={1971},
  institution={Springfield, Illinois},
  pages = {86--106},
  journal = {The Control of Upper-extremity Prostheses and Orthoses},
  publisher = {Charles C. Thomas},
}

@Article{Philipson1985,
author="Philipson, L.",
title="Adaptable myoelectric prosthetic control with functional visual feedback using microprocessor techniques",
journal="Medical and Biological Engineering and Computing",
year="1985",
volume="23",
number="1",
pages="8--14",
abstract="A microprocessor-based system for the myoelectric control of one, two or three degrees of freedom has been designed. The electromyographic (EMG) activity is picked up by one or two sets of surface electrodes, depending on the number of degrees of freedom to be controlled. The system described makes it possible to control the movements in either an on/off or a proportional mode. A graphic display provides feedback information to the operator and the person in charge of the evaluation/training session. The system is designed as an evaluation and training equipment for use in the laboratory. It is applicable to both above-elbow and below-elbow amputees.",
issn="1741-0444",
doi="10.1007/BF02444020",
url="http://dx.doi.org/10.1007/BF02444020"
}

Scopus
EXPORT DATE: 26 April 2017

@ARTICLE{Parker1977662,
author={Parker, P.A. and Stuller, J.A. and Scott, R.N.},
title={Signal Processing for the Multistate Myoelectric Channel},
journal={Proceedings of the IEEE},
year={1977},
volume={65},
number={5},
pages={662-674},
doi={10.1109/PROC.1977.10545},
note={cited By 0},
url={https://www.scopus.com/inward/record.uri?eid=2-s2.0-0017489262&doi=10.1109%2fPROC.1977.10545&partnerID=40&md5=7ec5f4fcc17beab17d4f43fcb6304e2b},
document_type={Article},
source={Scopus},
}

@ARTICLE{4123279, 
author={N. Hogan and R. W. Mann}, 
journal={IEEE Transactions on Biomedical Engineering}, 
title={Myoelectric Signal Processing: Optimal Estimation Applied to Electromyography - Part I: Derivation of the Optimal Myoprocessor}, 
year={1980}, 
volume={BME-27}, 
number={7}, 
pages={382-395}, 
keywords={Biomedical engineering;Covariance matrix;Educational technology;Eigenvalues and eigenfunctions;Electromyography;Mathematical model;Muscles;Neurofeedback;Prosthetics;Signal processing;Electric Stimulation;Electromyography;Humans;Mathematics;Models, Biological;Muscles}, 
doi={10.1109/TBME.1980.326652}, 
ISSN={0018-9294}, 
month={July},}

@ARTICLE{4123280, 
author={N. Hogan and R. W. Mann}, 
journal={IEEE Transactions on Biomedical Engineering}, 
title={Myoelectric Signal Processing: Optimal Estimation Applied to Electromyography - Part II: Experimental Demonstration of Optimal Myoprocessor Performance}, 
year={1980}, 
volume={BME-27}, 
number={7}, 
pages={396-410}, 
keywords={Biomedical measurements;Educational technology;Eigenvalues and eigenfunctions;Elbow;Electromyography;Force measurement;Instruments;Muscles;Signal processing;Torque measurement;Amputees;Electric Stimulation;Electromyography;Humans;Muscles}, 
doi={10.1109/TBME.1980.326653}, 
ISSN={0018-9294}, 
month={July},}

@INPROCEEDINGS{4788393, 
author={N. Hogan}, 
booktitle={1984 American Control Conference}, 
title={Impedance Control: An Approach to Manipulation}, 
year={1984}, 
pages={304-313}, 
keywords={Control systems;Force control;Impedance;Laboratories;Manipulator dynamics;Manufacturing;Mechanical variables control;Motion control;Prosthetics;Velocity control}, 
month={June},}

@ARTICLE{1103644, 
author={N. Hogan}, 
journal={IEEE Transactions on Automatic Control}, 
title={Adaptive control of mechanical impedance by coactivation of antagonist muscles}, 
year={1984}, 
volume={29}, 
number={8}, 
pages={681-690}, 
keywords={Adaptive control;Biological control systems;Limbs;Mechanical variables control;Muscles;Nervous system;Adaptive control;Control systems;Elbow;Force control;Force feedback;Humans;Impedance;Muscles;Neuromuscular;Viscosity}, 
doi={10.1109/TAC.1984.1103644}, 
ISSN={0018-9286}, 
month={Aug},}

@ARTICLE{4121805, 
author={H. B. Evans and Z. Pan and P. A. Parker and R. N. Scott}, 
journal={IEEE Transactions on Biomedical Engineering}, 
title={Signal Processing for Proportional Myoelectric Control}, 
year={1984}, 
volume={BME-31}, 
number={2}, 
pages={207-211}, 
keywords={Biomedical signal processing;Control systems;Low pass filters;Muscles;Proportional control;Prosthetics;Rectifiers;Signal processing;Stochastic processes;Tin;Electric Power Supplies;Electrophysiology;Filtration;Humans;Muscles;Prostheses and Implants;Prosthesis Design}, 
doi={10.1109/TBME.1984.325330}, 
ISSN={0018-9294}, 
month={Feb},}

@ARTICLE{Hudgins204774, 
author={B. Hudgins and P. Parker and R. N. Scott}, 
journal={IEEE Transactions on Biomedical Engineering}, 
title={A new strategy for multifunction myoelectric control}, 
year={1993}, 
volume={40}, 
number={1}, 
pages={82-94}, 
keywords={artificial limbs;biocontrol;bioelectric potentials;muscle;amputee;artificial limb control;artificial neural network;feature extraction;multifunction myoelectric control strategy;multifunction prosthesis;natural contraction patterns;pattern structure preservation;subject training;time segments;Artificial neural networks;Control systems;Data mining;Elbow;Feature extraction;Muscles;Prosthetics;Senior members;Switches;Wrist;Amputation;Artifacts;Bias (Epidemiology);Electrophysiology;Evaluation Studies as Topic;Humans;Isometric Contraction;Isotonic Contraction;Models, Neurological;Muscle Contraction;Neural Networks (Computer);Prostheses and Implants;Prosthesis Design;Signal Processing, Computer-Assisted}, 
doi={10.1109/10.204774}, 
ISSN={0018-9294}, 
month={Jan},}

@ARTICLE{Englehart1206493, 
author={K. Englehart and B. Hudgins}, 
journal={IEEE Transactions on Biomedical Engineering}, 
title={A robust, real-time control scheme for multifunction myoelectric control}, 
year={2003}, 
volume={50}, 
number={7}, 
pages={848-854}, 
keywords={artificial limbs;embedded systems;medical control systems;medical signal processing;pattern recognition;EMG;complex manipulation sequences;continuous decision stream;dexterous natural control;embedded control systems;limb movement classes discrimination;minimal storage capacity;multifunction myoelectric control;natural control actuation;prosthetic device;robust real-time control scheme;upper extremity prostheses;Biomedical engineering;Control systems;Delay;Motion control;Muscles;Niobium;Pattern recognition;Proportional control;Prosthetics;Robust control;Action Potentials;Algorithms;Arm;Artificial Limbs;Electric Stimulation;Electromyography;Feedback;Forearm;Humans;Muscle, Skeletal;Pattern Recognition, Automated;Prosthesis Design;Signal Processing, Computer-Assisted;Therapy, Computer-Assisted;Wrist Joint}, 
doi={10.1109/TBME.2003.813539}, 
ISSN={0018-9294}, 
month={July},}

@article{Englehart1999431,
title = "Classification of the myoelectric signal using time-frequency based representations",
journal = "Medical Engineering \& Physics",
volume = "21",
number = "6–7",
pages = "431 - 438",
year = "1999",
issn = "1350-4533",
doi = "https://doi.org/10.1016/S1350-4533(99)00066-1",
url = "http://www.sciencedirect.com/science/article/pii/S1350453399000661",
author = "K Englehart and B Hudgins and P.A Parker and M Stevenson",
}

@ARTICLE{Jiang4663628, 
author={N. Jiang and K. B. Englehart and P. A. Parker}, 
journal={IEEE Transactions on Biomedical Engineering}, 
title={Extracting Simultaneous and Proportional Neural Control Information for Multiple-DOF Prostheses From the Surface Electromyographic Signal}, 
year={2009}, 
volume={56}, 
number={4}, 
pages={1070-1080}, 
keywords={electromyography;matrix decomposition;medical signal processing;neural nets;prosthetics;DOF-wise nonnegative matrix factorization;multichannel surface electromyographic signal;multidimensional control information;multifunction myoelectric prostheses;multiple-DOF prostheses;neural control information;signal processing algorithm;spinal neural drives;synergistic muscles;Biomedical engineering;Data mining;Electromyography;Muscles;Neural prosthesis;Neuromuscular;Pattern recognition;Proportional control;Prosthetics;Signal processing algorithms;Surface treatment;Electromyography (EMG);myoelectric control;nonnegative matrix factorization (NMF);powered prosthetics;Adult;Algorithms;Electromyography;Female;Humans;Male;Middle Aged;Muscle, Skeletal;Neural Networks (Computer);Pattern Recognition, Automated;Prostheses and Implants;Range of Motion, Articular;Recruitment, Neurophysiological;Signal Processing, Computer-Assisted;Wrist Joint}, 
doi={10.1109/TBME.2008.2007967}, 
ISSN={0018-9294}, 
month={April},}

@INPROCEEDINGS{Losier4353750, 
author={Y. Losier and K. Englehart and B. Hudgins}, 
booktitle={2007 29th Annual International Conference of the IEEE Engineering in Medicine and Biology Society}, 
title={A Control System for a Powered Prosthesis Using Positional and Myoelectric Inputs from the Shoulder Complex}, 
year={2007}, 
pages={6137-6140}, 
keywords={electromyography;medical control systems;medical signal processing;prosthetics;signal classification;control system;hybrid systems;multijoint reaching movements;multiple linear discriminant analysis classifiers;myoelectric inputs;myoelectric signals;positional inputs;powered prosthesis;prosthetic limb;shoulder complex;Biomedical engineering;Control systems;Electromyography;Linear discriminant analysis;Motion analysis;Muscles;Niobium;Prosthetic limbs;Protocols;Time domain analysis;Action Potentials;Amputees;Artificial Intelligence;Electric Power Supplies;Electromyography;Equipment Failure Analysis;Feedback;Humans;Joint Prosthesis;Movement;Muscle Contraction;Pattern Recognition, Automated;Prosthesis Design;Shoulder;Task Performance and Analysis;Therapy, Computer-Assisted}, 
doi={10.1109/IEMBS.2007.4353750}, 
ISSN={1094-687X}, 
month={Aug},}

@ARTICLE{Fougner2008, 
author={A. Fougner and M. Saether and O. Stavdahl and P. J. Kyberd and J. Blum}, 
journal={Proc. Myoelectric Controls Symp. (MEC)}, 
title={"Cancellation of force induced artifacts in surface EMG using FSR measurements"}, 
year={2008},
country = {Fredericton, NB, Canada},
}

@ARTICLE{Fougner2011, 
author={O. Stavdahl and P. J. Kyberd and T. Magne and M. V. Ottermo and T. Mugaas}, 
journal={Proc. Myoelectric Controls Symp. (MEC)}, 
title={"Cancellation of force induced artifacts in surface EMG using FSR measurements"}, 
year={2011},
country = {Fredericton, NB, Canada},
}

@INPROCEEDINGS{Silva1280527, 
author={J. Silva and T. Chau and A. Goldenberg}, 
booktitle={Proceedings of the 25th Annual International Conference of the IEEE Engineering in Medicine and Biology Society (IEEE Cat. No.03CH37439)}, 
title={MMG-based multisensor data fusion for prosthesis control}, 
year={2003}, 
volume={3}, 
pages={2909-2912 Vol.3}, 
keywords={accelerometers;biomechanics;biomedical equipment;intelligent sensors;medical control systems;microphones;muscle;prosthetics;sensor fusion;vibration measurement;MMG;below-elbow amputees;binary control signals;contracting muscles;electrically powered prosthesis;flexors;mechanical vibrations;mechanomyography;microphone-accelerometer sensor;multisensor data fusion;prosthesis control;root-mean-square;soft silicon socket;transducer;wrist extensors;Electromyography;Laminates;Mechanical sensors;Mechanical variables measurement;Muscles;Prosthetics;Silicon;Sockets;Vibration measurement;Wire}, 
doi={10.1109/IEMBS.2003.1280527}, 
ISSN={1094-687X}, 
month={Sept},}

@article{Kenney1999589,
author = {L.P.J. Kenney and I. Lisitsa and P. Bowker and G.H. Heath and D. Howard},
title = {Dimensional change in muscle as a control signal for powered upper limb prostheses: a pilot study},
journal = {Medical Engineering \& Physics},
volume = {21},
number = {8},
pages = {589-597},
year = {1999},
issn = {1350-4533},
doi = {https://doi.org/10.1016/S1350-4533(99)00089-2},
url = {http://www.sciencedirect.com/science/article/pii/S1350453399000892},
}

@ARTICLE{Fougner5985538, 
author={A. Fougner and E. Scheme and A. D. C. Chan and K. Englehart and O. Stavdahl}, 
journal={IEEE Transactions on Neural Systems and Rehabilitation Engineering}, 
title={Resolving the Limb Position Effect in Myoelectric Pattern Recognition}, 
year={2011}, 
volume={19}, 
number={6}, 
pages={644-651}, 
doi={10.1109/TNSRE.2011.2163529}, 
ISSN={1534-4320}, 
month={Dec},}

@ARTICLE{Standvahl1997,
author={O. Stavdahl and A. Gronningsaeter and K. E.Malvig}, 
journal={Dept, of Engineering Cybernetics, Norwegian University of Science and Technology,}, 
title={"ULTRASOUND BASED ESTIMATION OF MUSCLE CONTRACTION"}, 
year={1997},
country = {SINTEF Unimed, N-7034 Trondheim, Norway},
}

@Inbook{Chen2011,
author="Chen, Xin
and Chen, Siping
and Dan, Guo",
editor="Stephanidis, Constantine",
title="Control of Powered Prosthetic Hand Using Multidimensional Ultrasound Signals: A Pilot Study",
bookTitle="Universal Access in Human-Computer Interaction. Applications and Services: 6th International Conference, UAHCI 2011, Held as Part of HCI International 2011, Orlando, FL, USA, July 9-14, 2011, Proceedings, Part IV",
year="2011",
publisher="Springer Berlin Heidelberg",
address="Berlin, Heidelberg",
pages="322--327",
isbn="978-3-642-21657-2",
doi="10.1007/978-3-642-21657-2_34",
url="http://dx.doi.org/10.1007/978-3-642-21657-2_34"
}

@article{NIGHTINGALE1985167,
title = "Microprocessor control of an artificial arm",
journal = "Journal of Microcomputer Applications",
volume = "8",
number = "2",
pages = "167 - 173",
year = "1985",
note = "",
issn = "0745-7138",
doi = "http://dx.doi.org/10.1016/0745-7138(85)90015-6",
url = "http://www.sciencedirect.com/science/article/pii/0745713885900156",
author = "J.M. Nightingale",
}

@Inbook{Kazerooni2006,
author="Kazerooni, H.",
editor="Corke, Peter
and Sukkariah, Salah",
title="The Berkeley Lower Extremity Exoskeleton",
bookTitle="Field and Service Robotics: Results of the 5th International Conference",
year="2006",
publisher="Springer Berlin Heidelberg",
address="Berlin, Heidelberg    ",
pages="9--15",
isbn="978-3-540-33453-8",
doi="10.1007/978-3-540-33453-8_2",
url="http://dx.doi.org/10.1007/978-3-540-33453-8_2"
}

@ARTICLE{Zoss1618670, 
author={A. B. Zoss and H. Kazerooni and A. Chu}, 
journal={IEEE/ASME Transactions on Mechatronics}, 
title={Biomechanical design of the Berkeley lower extremity exoskeleton (BLEEX)}, 
year={2006}, 
volume={11}, 
number={2}, 
pages={128-138}, 
keywords={biocontrol;biomechanics;hydraulic actuators;legged locomotion;Berkeley lower extremity exoskeleton;biomechanical design;linear hydraulic actuators;wearable robotic legs;Biological materials;Exoskeletons;Extremities;Humans;Intelligent actuators;Intelligent robots;Leg;Legged locomotion;Mobile robots;Vehicles;Biomimetics;exoskeletons;mechatronics;robotics}, 
doi={10.1109/TMECH.2006.871087}, 
ISSN={1083-4435}, 
month={April},}

@INPROCEEDINGS{Chu1570789, 
author={A. Chu and H. Kazerooni and A. Zoss}, 
booktitle={Proceedings of the 2005 IEEE International Conference on Robotics and Automation}, 
title={On the Biomimetic Design of the Berkeley Lower Extremity Exoskeleton (BLEEX)}, 
year={2005}, 
pages={4345-4352}, 
keywords={BLEEX;Biomemetic;Clinical Gait Analysis;Legged Locomotion;Lower Extremity Exoskeleton;Biological materials;Biomimetics;Exoskeletons;Extremities;Humans;Intelligent robots;Intelligent sensors;Intelligent systems;Robot sensing systems;Vehicles;BLEEX;Biomemetic;Clinical Gait Analysis;Legged Locomotion;Lower Extremity Exoskeleton}, 
doi={10.1109/ROBOT.2005.1570789}, 
ISSN={1050-4729}, 
month={April},}






@article{Zoss2006,
author = { Adam   Zoss  and    H.   Kazerooni },
title = {Design of an electrically actuated lower extremity exoskeleton},
journal = {Advanced Robotics},
volume = {20},
number = {9},
pages = {967-988},
year = {2006},
doi = {10.1163/156855306778394030},

URL = { 
        http://dx.doi.org/10.1163/156855306778394030
    
},
eprint = { 
        http://dx.doi.org/10.1163/156855306778394030
    
}

}

@article{Amundson2006DevelopmentOH,
  title={Development of hybrid hydraulic-electric power units for field and service robots},
  author={Kurt Amundson and Justin Raade and Nathan Harding and Homayoon Kazerooni},
  journal={Advanced Robotics},
  year={2006},
  volume={20},
  pages={1015-1034}
}

@INPROCEEDINGS{Steger1642232, 
author={R. Steger and Sung Hoon Kim and H. Kazerooni}, 
booktitle={Proceedings 2006 IEEE International Conference on Robotics and Automation, 2006. ICRA 2006.}, 
title={Control scheme and networked control architecture for the Berkeley lower extremity exoskeleton (BLEEX)}, 
year={2006}, 
pages={3469-3476}, 
keywords={biomechanics;closed loop systems;prosthetics;robot dynamics;Berkeley lower extremity exoskeleton;ExoNET control network;autonomous human exoskeleton;closed loop system;human-in-the-loop control scheme;networked control architecture;Control systems;Electric variables control;Exoskeletons;Extremities;Force control;Force measurement;Humans;Payloads;Prototypes;Torque control}, 
doi={10.1109/ROBOT.2006.1642232}, 
ISSN={1050-4729}, 
month={May},}

@INPROCEEDINGS{Ghan1642233, 
author={J. Ghan and H. Kazerooni}, 
booktitle={Proceedings 2006 IEEE International Conference on Robotics and Automation, 2006. ICRA 2006.}, 
title={System identification for the Berkeley lower extremity exoskeleton (BLEEX)}, 
year={2006}, 
pages={3477-3484}, 
keywords={force control;friction;robot dynamics;Berkeley lower extremity exoskeleton;autonomous robotic device;damping forces;friction;stiffness;system identification;Damping;Exoskeletons;Extremities;Force control;Friction;Humans;Leg;Predictive models;Robots;System identification}, 
doi={10.1109/ROBOT.2006.1642233}, 
ISSN={1050-4729}, 
month={May},}

@ARTICLE{Dollar4456745, 
author={A. M. Dollar and H. Herr}, 
journal={IEEE Transactions on Robotics}, 
title={Lower Extremity Exoskeletons and Active Orthoses: Challenges and State-of-the-Art}, 
year={2008}, 
volume={24}, 
number={1}, 
pages={144-158}, 
keywords={control systems;orthotics;active orthoses;control systems;lower extremity exoskeletons;state-of-the-art lower limb exoskeletons;Commercialization;Control systems;Exoskeletons;Extremities;History;Humans;Leg;Legged locomotion;Orthotics;Springs;Exoskeleton;lower extremity;orthosis;orthotics;rehabilitation;robotics;walking;wearable}, 
doi={10.1109/TRO.2008.915453}, 
ISSN={1552-3098}, 
month={Feb},}

@article{Ephraim2002822,
  title={Exoskeletons for Human Performance Augmentation (EHPA) : A Program Summary},
  author={Ephrahim Garcia and Janet M. Sater and John Main},
  journal={Journal of the Robotics Society of Japan},
  volume={20},
  number={8},
  pages={822-826},
  year={2002},
  doi={10.7210/jrsj.20.822}
}

@article{Esquenazi2013,
  title={New bipedal locomotion option for individuals with thoracic level motor complete spinal cord injury},
  author={A. Esquenazi},
  journal={J. Spinal Res. Found.},
  volume={8},
  pages={26-28},
  year={2013},
}

@article{Zeilig2012,
  title={Safety and tolerance of the ReWalk exoskeleton suit for ambulation by people with complete spinal cord injury: a pilot study},
  author={Zeilig, G. and H. Weingarden and M. Zwecker and I. Dudkiewicz and A. Bloch and A. Esquenazi},
  journal={J Spinal Cord Med.},
  volume={35(2)},
  pages={96-101},
  year={2012},
}

@article{Fineberg2013,
  title={Vertical ground reaction force-based analysis of powered exoskeleton-assisted walking in persons with motor-complete paraplegia},
  author={D. B. Fineberg and P. Asselin and N. Y. Harel and I. Agranova-Breyter and S. D. Kornfeld and W. A. Bauman and A. M. Spungen},
  journal={The Journal of Spinal Cord Medicine},
  volume={36(4)},
  pages={313-321},
  year={2013},
  doi={10.1179/2045772313Y.0000000126}
}

@INPROCEEDINGS{Talaty6650469, 
author={M. Talaty and A. Esquenazi and J. E. Briceño}, 
booktitle={2013 IEEE 13th International Conference on Rehabilitation Robotics (ICORR)}, 
title={Differentiating ability in users of the ReWalkTM powered exoskeleton: An analysis of walking kinematics}, 
year={2013}, 
pages={1-5}, 
keywords={injuries;legged locomotion;medical robotics;motion control;neurophysiology;patient rehabilitation;robot kinematics;ReWalk powered exoskeleton;body size;bone mineral density;leg passive range-of-motion;spinal cord injury;thoracic level motor;walking kinematics;walking velocity;weight limits;Hip;Joints;Knee;Legged locomotion;Spinal cord injury;Training;Wheelchairs;ReWalkTM;Spinal Cord Injury;powered exoskeleton;training methods;walking performance;0}, 
doi={10.1109/ICORR.2013.6650469}, 
ISSN={1945-7898}, 
month={June},}

@ARTICLE{Young7393837, 
author={Young, A. J. and Ferris, D. P.}, 
journal={IEEE Transactions on Neural Systems and Rehabilitation Engineering}, 
title={State of the Art and Future Directions for Lower Limb Robotic Exoskeletons}, 
year={2017}, 
volume={25}, 
number={2}, 
pages={171-182}, 
keywords={actuators;human-robot interaction;medical robotics;reviews;sensors;user interfaces;actuators;energy sources;exoskeleton control;flexible user interfaces;lower limb robotic exoskeletons;review;sensors;Gait;human performance augmentation;powered orthoses;rehabilitation;wearable robotics}, 
doi={10.1109/TNSRE.2016.2521160}, 
ISSN={1534-4320}, 
month={Feb},}

@ARTICLE{Walsh2007, 
author={C. J. Walsh and K. Endo and H. Herr}, 
journal={International Journal of Humanoid Robotics}, 
title={A Quasi-Passive Leg Exoskeleton for Load-Carrying Augmentation}, 
year={2007}, 
volume={4}, 
number={3}, 
pages={487-506},
}

@ARTICLE{Valiente2005, 
author={A. Valiente}, 
journal={Master's Thesis}, 
title={Design of a Quasi-Passive Parallel Leg Exoskeleton to
Augment Load Carrying for Walking}, 
address="Dept. Mech. Eng., Massachusetts Inst. Technol., Cambridge",
year={August, 2005},
}

@ARTICLE{Walsh2006, 
author={C. J. Walsh}, 
journal={Master's Thesis}, 
title={Biomimetic Design of an Under-Actuated Leg Exoskeleton
For Load-Carrying Augmentation}, 
address="Dept. Mech. Eng., Massachusetts Inst. Technol., Cambridge",
year={February, 2006},
}

@article{FRANCESCHINI1997582,
title = "Reciprocating gait orthoses: A multicenter study of their use by spinal cord injured patients",
journal = "Archives of Physical Medicine and Rehabilitation",
volume = "78",
number = "6",
pages = "582 - 586",
year = "1997",
note = "",
issn = "0003-9993",
doi = "http://dx.doi.org/10.1016/S0003-9993(97)90422-6",
url = "http://www.sciencedirect.com/science/article/pii/S0003999397904226",
author = "Marco Franceschini and Silvano Baratta and Mauro Zampolini and Daniel Loria and Sergio Lotta",

}

@article{Anam2012988,
title = "Active Exoskeleton Control Systems: State of the Art",
journal = "Procedia Engineering",
volume = "41",
number = "",
pages = "988 - 994",
year = "2012",
note = "",
issn = "1877-7058",
doi = "http://dx.doi.org/10.1016/j.proeng.2012.07.273",
url = "http://www.sciencedirect.com/science/article/pii/S1877705812026732",
author = "Khairul Anam and Adel Ali Al-Jumaily",
}

@ARTICLE{Sommer2015, 
author={L. F. Sommer}, 
journal={Undergratuded's Thesis}, 
title={Upper Limb Exoskeleton With One Degree of Freedom}, 
address="Dept. Mechatronic Eng. and Mech. Systems, Polytechnic School, University of São Paulo",
year={2015},
}

@misc{musclesensorv3,
   title = "SparkFun Muscle Sensor V3",
   url = "\url{https://www.sparkfun.com/products/retired/13027}",
   note = "[Online; accessed 23-May-2017]"
 }
 
 @misc{arduino,
   title = "Arduino UNO",
   url = "\url{https://www.arduino.cc/en/main/arduinoBoardUno}",
   note = "[Online; accessed 23-May-2017]"
 }
 
 @Inbook{Sankai2011,
author="Sankai, Yoshiyuki",
editor="Kaneko, Makoto
and Nakamura, Yoshihiko",
title="HAL: Hybrid Assistive Limb Based on Cybernics",
bookTitle="Robotics Research: The 13th International Symposium ISRR",
year="2011",
publisher="Springer Berlin Heidelberg",
address="Berlin, Heidelberg",
pages="25--34",
isbn="978-3-642-14743-2",
doi="10.1007/978-3-642-14743-2_3",
url="http://dx.doi.org/10.1007/978-3-642-14743-2_3"
}

@ARTICLE{Tsukahara2015, 
author={A. Tsukahara and Y. Hasegawa and K. Eguchi and Y. Sankai}, 
journal={IEEE Transactions on Neural Systems and Rehabilitation Engineering}, 
title={Restoration of Gait for Spinal Cord Injury Patients Using HAL With Intention Estimator for Preferable Swing Speed}, 
year={2015}, 
volume={23}, 
number={2}, 
pages={308-318},  
doi={10.1109/TNSRE.2014.2364618}, 
ISSN={1534-4320}, 
month={March},}

@INPROCEEDINGS{kawamoto2010, 
author={H. Kawamoto and S. Taal and H. Niniss and T. Hayashi and K. Kamibayashi and K. Eguchi and Y. Sankai}, 
booktitle={2010 Annual International Conference of the IEEE Engineering in Medicine and Biology}, 
title={Voluntary motion support control of Robot Suit HAL triggered by bioelectrical signal for hemiplegia}, 
year={2010}, 
pages={462-466}, 
doi={10.1109/IEMBS.2010.5626191}, 
ISSN={1094-687X}, 
month={Aug},}

@online{cyberdyne,
author = {Cyberdyne},
title  = {Cyberdine Products, Available in : https://www.cyberdyne.jp/english/. Access in 16/06/2017.},
date   = {2017-06-16},
url    = {https://www.cyberdyne.jp/english/},
}

@INPROCEEDINGS{Otsuka6181399, 
author={T. Otsuka and K. Kawaguchi and H. Kawamoto and Y. Sankai}, 
booktitle={2011 IEEE International Conference on Robotics and Biomimetics}, 
title={Development of upper-limb type HAL and reaching movement for meal-assistance}, 
year={2011}, 
pages={883-888}, 
keywords={handicapped aids;motion control;service robots;end-point position;grasp-assistance system;human physical function;meal-assistance;minimum jerk model;reaching movements;ring-shaped rotation mechanism;robot suit HAL;trajectory tracking control method;upper limb disorders;upper-limb type HAL;weighted-pseudo-inverse-matrix;Containers;Grasping;Humans;Joints;Robots;Shoulder;Trajectory}, 
doi={10.1109/ROBIO.2011.6181399}, 
month={Dec},}

@online{merriamWebster,
author = {MerriamWebsterDictionary},
title  = {Biomimetics definition. Available in: https://www.merriam-webster.com/dictionary/biomimetics. Access in 11/07/2017.},
date   = {2017-07-11},
url    ={https://www.merriam-webster.com/dictionary/biomimetics},
}

@INPROCEEDINGS{Johnny2009, 
author={J. L. G. Nielsen and S. Holmgaard and N. Jiang and K. Englehart and D. Farina and P. Parker}, 
booktitle={2009 Annual International Conference of the IEEE Engineering in Medicine and Biology Society}, 
title={Enhanced EMG signal processing for simultaneous and proportional myoelectric control}, 
year={2009}, 
volume={}, 
number={}, 
pages={4335-4338}, 
keywords={electromyography;feature extraction;medical control systems;medical signal processing;multilayer perceptrons;prosthetics;time-domain analysis;anisotonic isometric wrist contractions;electromyography;enhanced EMG signal processing;feature extraction;force sensor;multi-degree of freedom prosthesis;multilayer perceptron neural network;myoelectric control;neural control information;time-domain analysis;Adult;Algorithms;Electrodes;Electromyography;Equipment Design;Female;Humans;Isometric Contraction;Male;Middle Aged;Models, Statistical;Neural Networks (Computer);Reproducibility of Results;Signal Processing, Computer-Assisted;Wrist}, 
doi={10.1109/IEMBS.2009.5332745}, 
ISSN={1094-687X}, 
month={Sept},}